@online{foo,
	title = {Buenas tardes},
	date = {20 de Mayo de 2020},
	url = {https://example.org},
}


